@Comment А вот так оформляется библиография при помощи BibTeX.

@Book{Pup09,
  author =		 {Василий Пупкин and Эйнштейн, А.},
  title = 		 {\LaTeX для <<чайников>>},
  publisher = 	 {М.},
  year = 		 {2009},
  language =     "russian"
}

@misc{cc3100,
  title = {CC3100 SimpleLink™ Wi-Fi® Network Processor, Internet-of-Things Solution for MCU Applications | TI.com},
  howpublished = "\url{http://www.ti.com/product/CC3100}"
}

@misc{cc3100boost,
  title = {CC3100BOOST-RD SimpleLink Wi-Fi CC3100 BoosterPack Reference Design | TI.com},
  howpublished = "\url{http://www.ti.com/tool/CC3100BOOST-RD}"
}

@misc{cc31xxemuboost,
  title = {CC31XXEMUBOOST Advanced Emulation Kit for SimpleLink™ Wi-Fi® CC31xx BoosterPack™ plug-in module | TI.com},
  howpublished = "\url{http://www.ti.com/tool/cc31xxemuboost}"
}

@misc{labi2dicts,
  title = {Миниатюрные диктофоны - ООО "Вторая Лаборатория"},
  howpublished = "\url{http://www.labi2.ru/produkciya/miniatyurnye-diktofony/}"
}
